<?xml version="1.0" encoding="UTF-8"?>
<OAI-PMH xmlns="http://www.openarchives.org/OAI/2.0/" xmlns:xsi="http://www.w3.org/2001/XMLSchema-instance" xsi:schemaLocation="http://www.openarchives.org/OAI/2.0/ http://www.openarchives.org/OAI/2.0/OAI-PMH.xsd">
<ListRecords>
<record>
<header status="updated">
<identifier>urm_publish:71286987980002121</identifier>
</header>
<metadata>
<record xmlns="http://www.loc.gov/MARC21/slim" xmlns:xsi="http://www.w3.org/2001/XMLSchema-instance" xsi:schemaLocation="http://www.loc.gov/MARC21/slim http://www.loc.gov/standards/marcxml/schema/MARC21slim.xsd" ><leader>01903mam a2200361 a 4500</leader><controlfield tag="005">20051012112649.0</controlfield><controlfield tag="008">870623s1987    iluab    b   f00000 eng d</controlfield><controlfield tag="001">999588680302121</controlfield><datafield tag="020" ind1=" " ind2=" "><subfield code="a">0662151895 (pbk.)</subfield></datafield><datafield tag="035" ind1=" " ind2=" "><subfield code="a">(OCoLC)16062238</subfield></datafield><datafield tag="035" ind1=" " ind2=" "><subfield code="9">AJU6926UW</subfield></datafield><datafield tag="035" ind1=" " ind2=" "><subfield code="a">(WU)1242225-uwmadisondb</subfield></datafield><datafield tag="040" ind1=" " ind2=" "><subfield code="a">GZF</subfield><subfield code="b">eng</subfield><subfield code="c">GZF</subfield><subfield code="d">XBM</subfield><subfield code="d">OCL</subfield></datafield><datafield tag="043" ind1=" " ind2=" "><subfield code="a">nl-----</subfield></datafield><datafield tag="050" ind1=" " ind2="4"><subfield code="a">G1107.G7</subfield><subfield code="b">G7 1987</subfield></datafield><datafield tag="082" ind1=" " ind2="4"><subfield code="a">333.0977</subfield><subfield code="b">C16g</subfield></datafield><datafield tag="245" ind1="0" ind2="4"><subfield code="a">The Great Lakes :</subfield><subfield code="b">an environmental atlas and resource book /</subfield><subfield code="c">jointly produced by Environment Canada, Conservation and Protection, Ontario Region, Great Lakes Environment Program, and Water Planning and Management Branch; United States Environmental Protection Agency, Great Lakes National Program Office; Brock University, Institute of Urban and Environmental Studies; [and] Northwestern University, Center for Urban Affairs and Policy Research.</subfield></datafield><datafield tag="264" ind1=" " ind2="1"><subfield code="a">Chicago, Ill. :</subfield><subfield code="b">The Program Office, U.S. Environmental Protection Agency ;</subfield><subfield code="a">Toronto, Ont. :</subfield><subfield code="b">The Environment Program, Environment Canada,</subfield><subfield code="c">1987.</subfield></datafield><datafield tag="300" ind1=" " ind2=" "><subfield code="a">ii, 44 pages :</subfield><subfield code="b">illustrations (some color), color maps ;</subfield><subfield code="c">28 x 35 cm +</subfield><subfield code="e">1 map (94 x 124 cm, folded to 26 x 32 cm)</subfield></datafield><datafield tag="336" ind1=" " ind2=" "><subfield code="a">text</subfield><subfield code="b">txt</subfield><subfield code="2">rdacontent</subfield></datafield><datafield tag="337" ind1=" " ind2=" "><subfield code="a">unmediated</subfield><subfield code="b">n</subfield><subfield code="2">rdamedia</subfield></datafield><datafield tag="338" ind1=" " ind2=" "><subfield code="a">volume</subfield><subfield code="b">nc</subfield><subfield code="2">rdacarrier</subfield></datafield><datafield tag="500" ind1=" " ind2=" "><subfield code="a">Principal authors: Lee Botts, Bruce Krushelnicki.</subfield></datafield><datafield tag="504" ind1=" " ind2=" "><subfield code="a">Bibliography: page 43.</subfield></datafield><datafield tag="651" ind1=" " ind2="0"><subfield code="a">Great Lakes (North America)</subfield><subfield code="v">Atlases.</subfield><subfield code="2">LCSH</subfield><subfield code="0">41-LIBRARY_OF_CONGRESS-sh 85056988</subfield><subfield code="9">Y</subfield></datafield><datafield tag="651" ind1=" " ind2="0"><subfield code="a">Great Lakes Region (North America)</subfield><subfield code="2">LCSH</subfield><subfield code="0">41-LIBRARY_OF_CONGRESS-sh 91001664</subfield><subfield code="9">Y</subfield></datafield><datafield tag="700" ind1="1" ind2=" "><subfield code="a">Botts, Lee.</subfield><subfield code="2">LCNAMES</subfield><subfield code="0">41-LIBRARY_OF_CONGRESS-n  88079629</subfield><subfield code="9">Y</subfield></datafield><datafield tag="700" ind1="1" ind2=" "><subfield code="a">Krushelnicki, Bruce.</subfield><subfield code="2">LCNAMES</subfield><subfield code="0">41-LIBRARY_OF_CONGRESS-n  85188855</subfield><subfield code="9">Y</subfield></datafield><datafield tag="710" ind1="1" ind2=" "><subfield code="a">Canada.</subfield><subfield code="b">Environment Canada.</subfield><subfield code="2">LCNAMES</subfield><subfield code="0">41-LIBRARY_OF_CONGRESS-n  79058488</subfield><subfield code="9">Y</subfield></datafield><datafield tag="710" ind1="1" ind2=" "><subfield code="a">United States.</subfield><subfield code="b">Environmental Protection Agency.</subfield><subfield code="b">Great Lakes National Program Office.</subfield><subfield code="2">LCNAMES</subfield><subfield code="0">41-LIBRARY_OF_CONGRESS-n  78064273</subfield><subfield code="9">Y</subfield></datafield><datafield tag="710" ind1="2" ind2=" "><subfield code="a">Brock University.</subfield><subfield code="b">Institute of Urban and Environmental Studies.</subfield><subfield code="2">LCNAMES</subfield><subfield code="0">41-LIBRARY_OF_CONGRESS-n  80081037</subfield><subfield code="9">Y</subfield></datafield><datafield tag="710" ind1="2" ind2=" "><subfield code="a">Northwestern University (Evanston, Ill.).</subfield><subfield code="b">Center for Urban Affairs and Policy Research.</subfield><subfield code="2">LCNAMES</subfield><subfield code="0">41-LIBRARY_OF_CONGRESS-n  83004060</subfield><subfield code="9">Y</subfield></datafield><datafield tag="997" ind1=" " ind2=" "><subfield code="a">MARCIVE</subfield></datafield><datafield tag="651" ind1=" " ind2="0"><subfield code="w">nne</subfield><subfield code="a">Great Lakes Region</subfield><subfield code="2">LCSH</subfield><subfield code="0">41-LIBRARY_OF_CONGRESS-sh 91001664</subfield><subfield code="9">N</subfield></datafield><datafield tag="651" ind1=" " ind2="0"><subfield code="w">nne</subfield><subfield code="a">Great Lakes</subfield><subfield code="2">LCSH</subfield><subfield code="0">41-LIBRARY_OF_CONGRESS-sh 85056988</subfield><subfield code="9">N</subfield></datafield><datafield tag="651" ind1=" " ind2="0"><subfield code="a">Laurentian Great Lakes</subfield><subfield code="2">LCSH</subfield><subfield code="0">41-LIBRARY_OF_CONGRESS-sh 85056988</subfield><subfield code="9">N</subfield></datafield><datafield tag="710" ind1="2" ind2=" "><subfield code="a">Center for Urban Affairs and Policy Research (Evanston, Ill.)</subfield><subfield code="2">LCNAMES</subfield><subfield code="0">41-LIBRARY_OF_CONGRESS-n  83004060</subfield><subfield code="9">N</subfield></datafield><datafield tag="710" ind1="2" ind2=" "><subfield code="a">CUAPR</subfield><subfield code="2">LCNAMES</subfield><subfield code="0">41-LIBRARY_OF_CONGRESS-n  83004060</subfield><subfield code="9">N</subfield></datafield><datafield tag="710" ind1="2" ind2=" "><subfield code="w">r</subfield><subfield code="i">Hierarchical superior:</subfield><subfield code="a">Northwestern University (Evanston, Ill.)</subfield><subfield code="2">LCNAMES</subfield><subfield code="0">41-LIBRARY_OF_CONGRESS-n  83004060</subfield><subfield code="9">R</subfield></datafield><datafield tag="710" ind1="2" ind2=" "><subfield code="w">r</subfield><subfield code="i">Predecessor:</subfield><subfield code="a">Northwestern University (Evanston, Ill.).</subfield><subfield code="b">Center for Metropolitan Studies</subfield><subfield code="2">LCNAMES</subfield><subfield code="0">41-LIBRARY_OF_CONGRESS-n  83004060</subfield><subfield code="9">R</subfield></datafield><datafield tag="710" ind1="2" ind2=" "><subfield code="w">r</subfield><subfield code="i">Predecessor:</subfield><subfield code="a">Northwestern University (Evanston, Ill.).</subfield><subfield code="b">Center for Urban Affairs</subfield><subfield code="2">LCNAMES</subfield><subfield code="0">41-LIBRARY_OF_CONGRESS-n  83004060</subfield><subfield code="9">R</subfield></datafield><datafield tag="710" ind1="2" ind2=" "><subfield code="w">r</subfield><subfield code="i">Successor:</subfield><subfield code="a">Northwestern University (Evanston, Ill.).</subfield><subfield code="b">Institute for Policy Research</subfield><subfield code="2">LCNAMES</subfield><subfield code="0">41-LIBRARY_OF_CONGRESS-n  83004060</subfield><subfield code="9">R</subfield></datafield><datafield tag="710" ind1="1" ind2=" "><subfield code="a">United States.</subfield><subfield code="b">Environmental Protection Agency.</subfield><subfield code="b">Region V.</subfield><subfield code="b">Great Lakes National Program Office</subfield><subfield code="2">LCNAMES</subfield><subfield code="0">41-LIBRARY_OF_CONGRESS-n  78064273</subfield><subfield code="9">N</subfield></datafield><datafield tag="710" ind1="1" ind2=" "><subfield code="a">GLNPO</subfield><subfield code="2">LCNAMES</subfield><subfield code="0">41-LIBRARY_OF_CONGRESS-n  78064273</subfield><subfield code="9">N</subfield></datafield><datafield tag="710" ind1="1" ind2=" "><subfield code="a">Canada.</subfield><subfield code="b">Department of Environment</subfield><subfield code="2">LCNAMES</subfield><subfield code="0">41-LIBRARY_OF_CONGRESS-n  79058488</subfield><subfield code="9">N</subfield></datafield><datafield tag="710" ind1="1" ind2=" "><subfield code="a">Canada.</subfield><subfield code="b">Department of the Environment</subfield><subfield code="2">LCNAMES</subfield><subfield code="0">41-LIBRARY_OF_CONGRESS-n  79058488</subfield><subfield code="9">N</subfield></datafield><datafield tag="710" ind1="1" ind2=" "><subfield code="w">nnaa</subfield><subfield code="a">Canada.</subfield><subfield code="b">Dept. of the Environment</subfield><subfield code="2">LCNAMES</subfield><subfield code="0">41-LIBRARY_OF_CONGRESS-n  79058488</subfield><subfield code="9">N</subfield></datafield><datafield tag="710" ind1="1" ind2=" "><subfield code="a">Canada.</subfield><subfield code="b">Environnement Canada</subfield><subfield code="2">LCNAMES</subfield><subfield code="0">41-LIBRARY_OF_CONGRESS-n  79058488</subfield><subfield code="9">N</subfield></datafield><datafield tag="710" ind1="1" ind2=" "><subfield code="a">Canada.</subfield><subfield code="b">Ministère de l'environnement</subfield><subfield code="2">LCNAMES</subfield><subfield code="0">41-LIBRARY_OF_CONGRESS-n  79058488</subfield><subfield code="9">N</subfield></datafield><datafield tag="710" ind1="1" ind2=" "><subfield code="a">Canada.</subfield><subfield code="b">Ministry of the Environment</subfield><subfield code="2">LCNAMES</subfield><subfield code="0">41-LIBRARY_OF_CONGRESS-n  79058488</subfield><subfield code="9">N</subfield></datafield><datafield tag="710" ind1="1" ind2=" "><subfield code="a">Environment Canada</subfield><subfield code="2">LCNAMES</subfield><subfield code="0">41-LIBRARY_OF_CONGRESS-n  79058488</subfield><subfield code="9">N</subfield></datafield><datafield tag="710" ind1="1" ind2=" "><subfield code="a">Environnement Canada</subfield><subfield code="2">LCNAMES</subfield><subfield code="0">41-LIBRARY_OF_CONGRESS-n  79058488</subfield><subfield code="9">N</subfield></datafield><datafield tag="710" ind1="1" ind2=" "><subfield code="w">r</subfield><subfield code="i">Predecessor:</subfield><subfield code="a">Canada.</subfield><subfield code="b">Department of Fisheries and Forestry</subfield><subfield code="2">LCNAMES</subfield><subfield code="0">41-LIBRARY_OF_CONGRESS-n  79058488</subfield><subfield code="9">R</subfield></datafield><datafield tag="710" ind1="1" ind2=" "><subfield code="w">r</subfield><subfield code="i">Predecessor:</subfield><subfield code="a">Canada Land Inventory</subfield><subfield code="2">LCNAMES</subfield><subfield code="0">41-LIBRARY_OF_CONGRESS-n  79058488</subfield><subfield code="9">R</subfield></datafield><datafield tag="710" ind1="1" ind2=" "><subfield code="w">r</subfield><subfield code="i">Predecessor:</subfield><subfield code="a">Canadian Meteorological Service</subfield><subfield code="2">LCNAMES</subfield><subfield code="0">41-LIBRARY_OF_CONGRESS-n  79058488</subfield><subfield code="9">R</subfield></datafield><datafield tag="710" ind1="1" ind2=" "><subfield code="w">r</subfield><subfield code="i">Predecessor:</subfield><subfield code="a">Canadian Wildlife Service</subfield><subfield code="2">LCNAMES</subfield><subfield code="0">41-LIBRARY_OF_CONGRESS-n  79058488</subfield><subfield code="9">R</subfield></datafield><datafield tag="710" ind1="1" ind2=" "><subfield code="w">r</subfield><subfield code="i">Successor:</subfield><subfield code="a">Canada.</subfield><subfield code="b">Canadian Heritage</subfield><subfield code="2">LCNAMES</subfield><subfield code="0">41-LIBRARY_OF_CONGRESS-n  79058488</subfield><subfield code="9">R</subfield></datafield><datafield tag="710" ind1="1" ind2=" "><subfield code="w">r</subfield><subfield code="i">Predecessor:</subfield><subfield code="a">Canada.</subfield><subfield code="b">Fisheries and Environment Canada</subfield><subfield code="2">LCNAMES</subfield><subfield code="0">41-LIBRARY_OF_CONGRESS-n  79058488</subfield><subfield code="9">R</subfield></datafield><datafield tag="710" ind1="1" ind2=" "><subfield code="w">r</subfield><subfield code="i">Successor:</subfield><subfield code="a">Canada.</subfield><subfield code="b">Environment and Climate Change Canada</subfield><subfield code="2">LCNAMES</subfield><subfield code="0">41-LIBRARY_OF_CONGRESS-n  79058488</subfield><subfield code="9">R</subfield></datafield><datafield tag="INST" ind1=" " ind2=" "><subfield code="a">01UWI_NETWORK</subfield><subfield code="b">P</subfield><subfield code="c">71286987980002121</subfield></datafield><datafield tag="INST" ind1=" " ind2=" "><subfield code="a">01UWI_MAD</subfield><subfield code="b">P</subfield><subfield code="c">21522520310002122</subfield></datafield><datafield tag="AVA" ind1=" " ind2=" "><subfield code="0">9912422253602122</subfield><subfield code="8">22522520300002122</subfield><subfield code="a">01UWI_MAD</subfield><subfield code="b">LIMNOLOGY</subfield><subfield code="c">Stacks (No loan)</subfield><subfield code="d">G1107 G7 G7 1987</subfield><subfield code="e">available</subfield><subfield code="f">1</subfield><subfield code="g">0</subfield><subfield code="j">stk</subfield><subfield code="k">0</subfield><subfield code="p">1</subfield><subfield code="q">Limnology Library</subfield></datafield><datafield tag="AVA" ind1=" " ind2=" "><subfield code="0">9912422253602122</subfield><subfield code="8">22522520180002122</subfield><subfield code="a">01UWI_MAD</subfield><subfield code="b">WATER</subfield><subfield code="c">Stacks</subfield><subfield code="d">070779</subfield><subfield code="e">available</subfield><subfield code="f">1</subfield><subfield code="g">0</subfield><subfield code="j">stk</subfield><subfield code="k">8</subfield><subfield code="p">2</subfield><subfield code="q">Wisconsin's Water Library</subfield></datafield><datafield tag="AVA" ind1=" " ind2=" "><subfield code="0">9912422253602122</subfield><subfield code="8">22854728650002122</subfield><subfield code="a">01UWI_MAD</subfield><subfield code="b">REMOTE</subfield><subfield code="c">by request only</subfield><subfield code="d">G1107 G7 G7 1987</subfield><subfield code="e">available</subfield><subfield code="f">1</subfield><subfield code="g">0</subfield><subfield code="j">vsf</subfield><subfield code="k">0</subfield><subfield code="p">3</subfield><subfield code="q">Verona Shelving Facility</subfield></datafield><datafield tag="AVA" ind1=" " ind2=" "><subfield code="0">9912422253602122</subfield><subfield code="8">22522520290002122</subfield><subfield code="a">01UWI_MAD</subfield><subfield code="b">LIMNOLOGY</subfield><subfield code="c">Trout Lake Collection -- ask at Desk</subfield><subfield code="d">G1107 G7 G7 1987</subfield><subfield code="e">check_holdings</subfield><subfield code="j">trout</subfield><subfield code="k">0</subfield><subfield code="p">4</subfield><subfield code="q">Limnology Library</subfield></datafield><datafield tag="MMS" ind1=" " ind2=" "><subfield code="b">999588680302121</subfield><subfield code="a">01UWI_NETWORK</subfield></datafield><datafield tag="MMS" ind1=" " ind2=" "><subfield code="b">9912422253602122</subfield><subfield code="a">01UWI_MAD</subfield></datafield></record>
</metadata>
</record>
</ListRecords>
</OAI-PMH>